@incollection{proetale,
 author = {Bhatt, Bhargav and Scholze, Peter},
 title = {The pro-{\'e}tale topology for schemes},
 booktitle = {De la g\'eom\'etrie alg\'ebrique aux formes automorphes (I). Une collection d'articles en l'honneur du soixanti\`eme anniversaire de G\'erard Laumon},
 isbn = {978-2-85629-805-3},
 pages = {99--201},
 year = {2015},
 publisher = {Paris: Soci{\'e}t{\'e} Math{\'e}matique de France (SMF)},
 language = {English},
 keywords = {19F27,18F10,14H30},
 zbMATH = {6479630},
 Zbl = {1351.19001}
}
